@unpublished{bauer-rathod-18,
    author = {Ulrich Bauer and Abhishek Rathod},
    title = {Hardness of Approximation for {M}orse Matching},
    year = {2018},
    note = {arXiv:1801.08380}
}

@article{edelsbrunner02,
   author={Edelsbrunner, Herbert and Letscher, David and Zomorodian, Afra},
   title={Topological Persistence and Simplification},
   journal={Discrete and Computational Geometry},
   volume={28},
   year={2002},
   pages={511–533}
}
@inproceedings{wang18,
  title={Graph Reconstruction by Discrete {M}orse Theory},
  author={Dey, Tamal and Wang, Jiayuan and  Wang, Yusu},
  booktitle={34th Symposium on Computational Geometry (SoCG)},
  pages={31:1-31-13},
  year={2018},
  organization={}
}

@article{hersh05,
   author={Patricia Hersh},
   title={On Optimizing Discrete {M}orse Functions},
   journal={Advances in Applied Math},
   volume={35},
   year={2005},
   pages={294-322}
}

@article{joswig04,
   author={Joswig, Michael and Pfetsch, Marc},
   title={Computing Optimal {M}orse Matchings},
   journal={SIAM Journal on Discrete Mathematics (SIDMA)},
   volume={20(1)},
   year={2006},
   pages={11-25}
}

@article{lewiner03,
   author={Lewiner, Thomas and Lopes, H\'elio and Tavares, Geovan},
   title={Toward Optimality in Discrete {M}orse Theory},
   journal={Experimental Mathematics},
   volume={12},
   year={2003},
   pages={271-285}
}

@book{milnor63,
   author = {John Milnor},
   year = {1963},
   title = {Morse Theory},
   publisher = {Princeton University Press },
   address = {Princeton, New Jersey}
}

@book{nic,
   author = {Nicholas Scoville},
   year = {2019},
   title = {Discrete Morse Theory},
   publisher = {American Mathematical Society},
   address = {Providence, Rhode Island}
}
@article{forman98,
   author={Robin Forman},
   title={Discrete {M}orse Theory for Cell Complexes},
   journal={Advances in Mathematics},
   volume={134},
   year={1998},
   pages={90-145}
}

@article{forman02,
   author={Robin Forman},
   title={A User's Guide to Discrete {M}orse Theory},
   journal={S\'eminaire Lotharingien de Combinatoire},
   volume={42},
   year={2002},
   pages={Art. B48c, 35pp}
}

@article{king,
   author={King, Henry and Knudson, Kevin and Mramor, Ne\u{v}za },
   title={Generating Discrete {M}orse Functions from Point Data},
   journal={Experimental Mathematics},
   volume={14},
   year={2005},
   pages={435-444},
   note ={MR2193806}
}


@book{edelsbrunner2010computational,
    title={Computational Topology: {A}n Introduction},
    author={Edelsbrunner, Herbert and Harer, John},
    year={2010},
    publisher={American Mathematical Society}
}

@article{nanda2013morse,
  title={Morse Theory for Filtrations and Efficient Computation of Persistent Homology},
  author={Mischaikow, Konstantin and Nanda, Vidit},
  journal={Discrete and Computational Geometry},
  number={50},
  pages={330},
  year={2013},
  publisher={https://doi.org/10.1007/s00454-013-9529-6}
}

@article{milo2010zigzag,
  title={Zigzag Persistent Homology in Matrix Multiplication Time},
  author={Nikola Milosavljevic, Dmitriy Morozov, Primoz Skraba},
  journal={[Research Report] RR-7393, INRIA},
  year={2010},
  publisher={inria-00520171}
}

@article{giusti2015clique,
    title={Clique Topology Reveals Intrinsic Geometric Structure in Neural Correlations},
    author={Giusti, Chad and Pastalkova, Eva and Curto, Carina and Itskov, Vladimir},
    journal={Proceedings of the National Academy of Sciences},
    volume={112},
    number={44},
    pages={13455--13460},
    year={2015},
    publisher={National Academy of Sciences}
}

@article{lee2017quantifying,
  title={Quantifying Similarity of Pore-Geometry in Nanoporous Materials},
  author={Lee, Yongjin and Barthel, Senja D.  and D{\l}otko, Pawe{\l}
      and Moosavi, S. Mohamad and Hess, Kathryn and Smit, Berend},
  journal={Nature Communications},
  volume={8},
  pages={15396},
  year={2017},
  publisher={Nature Publishing Group}
}

@article{rizvi2017single,
  title={Single-Cell Topological {RNA}-seq Analysis Reveals Insights into
      Cellular Differentiation and Development},
  author={Rizvi, Abbas H. and Camara, Pablo G. and Kandror, Elena K.
      and Roberts, Thomas J. and Schieren, Ira and Maniatis, Tom and Rabadan, Raul},
  journal={Nature Biotechnology},
  volume={35},
  number={6},
  pages={551},
  year={2017},
  publisher={Nature Publishing Group}
}

@article{nicolau2011topology,
  title={Topology Based Data Analysis Identifies a Subgroup of Breast Cancers
      with a Unique Mutational Profile and Excellent Survival},
  author={Nicolau, Monica and Levine, Arnold J. and Carlsson, Gunnar},
  journal={Proceedings of the National Academy of Sciences},
  volume={108},
  number={17},
  pages={7265--7270},
  year={2011},
  publisher={National Academy of Sciences}
}

@article{turner2014persistent,
  title={Persistent Homology Transform for Modeling Shapes and Surfaces},
  author={Turner, Katharine and Mukherjee, Sayan and Boyer, Doug M.},
  journal={Information and Inference: A Journal of the IMA},
  volume={3},
  number={4},
  pages={310--344},
  year={2014},
  publisher={Oxford University Press}
}

@inproceedings{hofer2017constructing,
  title={Constructing Shape Spaces from a Topological Perspective},
  author={Hofer, Christoph and Kwitt, Roland and Niethammer, Marc and H{\"o}ller, Yvonne and Trinka, Eugen and Uhl, Andreas and others},
  booktitle={International Conference on Information Processing in Medical Imaging},
  pages={106--118},
  year={2017},
  organization={Springer}
}

@article{rootreconstruction,
    author = {Zheng, Ying and Gu, Steve and Edelsbrunner, Herbert
        and Tomasi, Carlo and Benfey, Philip},
    year = {2011},
    month = {11},
    pages = {2026--2033},
    title = {Detailed Reconstruction of 3D Plant Root Shape},
    journal = {Proceedings of the IEEE International Conference on Computer Vision}
}

@incollection{maps,
  title={Map Construction Algorithms},
  author={Ahmed, Mahmuda and Karagiorgou, Sophia and Pfoser, Dieter and Wenk, Carola},
  booktitle={Map Construction Algorithms},
  pages={1--14},
  year={2015},
  publisher={Springer}
}

@unpublished{crawford2016functional,
    author = {Lorin Crawford and Anthea Monod and Andrew X. Chen
        and Sayan Mukherjee and Raúl Rabadán},
    title = {Functional Data Analysis using a Topological Summary Statistic:
        {T}he Smooth {E}uler Characteristic Transform},
    year = {2016},
    note = {arXiv:1611.06818}
}

@inproceedings{dey2018graph,
    title={Graph Reconstruction by Discrete {M}orse Theory},
    author={Dey, Tamal K. and Wang, Jiayuan and Wang, Yusu},
    booktitle={2018 in Symposium on Computational Geometry (SoCG 2018)},
    year={2018}
}

@inproceedings{ge2011data,
  title={Data Skeletonization via {R}eeb Graphs},
  author={Ge, Xiaoyin and Safa, Issam I. and Belkin, Mikhail and Wang, Yusu},
  booktitle={Advances in Neural Information Processing Systems},
  pages={837--845},
  year={2011}
}

@article{kegl2000learning,
  title={Learning and Design of Principal Curves},
  author={K{\'e}gl, Bal{\'a}zs and Krzyzak, Adam and Linder, Tam{\'a}s and Zeger, Kenneth},
  journal={IEEE Transactions on Pattern Analysis and Machine Intelligence},
  volume={22},
  number={3},
  pages={281--297},
  year={2000},
  publisher={IEEE}
}

@article{verma2011slow,
  title={A Slow Algorithm for Computing the {G}abriel Graph with Double Precision},
  author={Millman, David L. and Verma, Vishal},
  journal={Proceedings of the 23rd Annual Canadian
      Conference on Computational Geometry (CCCG 2011)},
  year={2011}
}

@inproceedings{ili,
    author = {Karagiorgou, Sophia and Pfoser, Dieter},
    title = {On Vehicle Tracking Data-based Road Network Generation},
    booktitle = {SIGSPATIAL '12: Proceedings of the 20th International
        Conference on Advances in Geographic Information Systems},
    year = {2012},
    pages = {89--98},
    publisher = {ACM},
}

@inproceedings{iti,
 title={Constructing Street Networks from {GPS} Trajectories},
 author={Ahmed, Mahmuda and Wenk, Carola},
 booktitle={European Symposium on Algorithms},
 pages={60--71},
 year={2012},
 organization={Springer}
}

@article{ghrist2018euler,
  title={Persistent Homology and {E}uler Integral Transforms},
  author={Ghrist, Robert and Levanger, Rachel and Mai, Huy},
  journal={Journal of Applied and Computational Topology},
  volume={2},
  number={1-2},
  pages={55--60},
  year={2018},
  publisher={Springer}
}

@unpublished{curry2018directions,
    author = {Justin Curry and Sayan Mukherjee and Katharine Turner},
    title = {
How Many Directions Determine a Shape and other Sufficiency Results for Two Topological Transforms},
    year = {2018},
    note = {arXiv:1805.09782}
}

@inproceedings{belton2018learning,
  title={Learning Simplicial Complexes from Persistence Diagrams},
  author={Belton, Robin Lynne and Fasy, Brittany Terese and Mertz, Rostik and Micka, Samuel and Millman, David L. and Salinas, Daniel and Schenfisch, Anna and Schupbach, Jordan and Williams, Lucia},
  booktitle={Canadian Conference on Computational Geometry (CCCG 2018)},
  year={2018},
  month={August},
  note={Also available at arXiv:1805.10716}
}

@article{belton2019reconstructing,
  title={Reconstructing Embedded Graphs from Persistence Diagrams},
  author={Belton, Robin Lynne and Fasy, Brittany Terese and Mertz, Rostik and Micka, Samuel and Millman, David L. and Salinas, Daniel and Schenfisch, Anna and Schupbach, Jordan and Williams, Lucia},
  booktitle={Computational Geometry: Theory and Applications},
  year={To appear}
}

@book{chazal2016structure,
  title={The Structure and Stability of Persistence Modules},
  author={Chazal, Fr{\'e}d{\'e}ric and De Silva, Vin and Glisse, Marc and Oudot, Steve},
  year={2016},
  publisher={Springer}
}

@phdthesis{betthauser2018topological,
  title={Topological Reconstruction of Grayscale Images},
  author={Betthauser, Leo M.},
  year={2018},
  school={University of Florida}
}

@article{oudot2018inverse,
  title={Inverse Problems in Topological Persistence},
  author={Oudot, Steve and Solomon, Elchanan},
  journal={arXiv preprint arXiv:1810.10813},
  year={2018}
}


@article{cohen2007stability,
  title={Stability of Persistence Diagrams},
  author={Cohen-Steiner, David and Edelsbrunner, Herbert and Harer, John},
  journal={Discrete \& Computational Geometry},
  volume={37},
  number={1},
  pages={103--120},
  year={2007},
  publisher={Springer}
}

@article{lawson2019persistent,
  title={Persistent Homology for the Quantitative Evaluation of Architectural Features in Prostate Cancer Histology},
  author={Lawson, Peter and Sholl, Andrew B and Brown, J Quincy and Fasy, Brittany Terese and Wenk, Carola},
  journal={Scientific reports},
  volume={9},
  year={2019},
  publisher={Nature Publishing Group}
}

@article{tymochko2019using,
  title={Using Persistent Homology to Quantify a Diurnal Cycle in {H}urricane {F}elix},
  author={Tymochko, Sarah and Munch, Elizabeth and Dunion, Jason and Corbosiero, Kristen and Torn, Ryan},
  journal={arXiv preprint arXiv:1902.06202},
  year={2019}
}

@article{fasy2018approximate,
  title={Approximate Nearest Neighbors in the Space of Persistence Diagrams},
  author={Fasy, Brittany Terese and He, Xiaozhou and Liu, Zhihui and Micka, Samuel and Millman, David L and Zhu, Binhai},
  journal={arXiv preprint arXiv:1812.11257},
  year={2018}
}

@inproceedings{wang2019statistical,
  title={Statistical Persistent Homology of Brain Signals},
  author={Wang, Yuan and Ombao, Hernando and Chung, Moo K},
  booktitle={ICASSP 2019-2019 IEEE International Conference on Acoustics, Speech and Signal Processing (ICASSP)},
  pages={1125--1129},
  year={2019},
  organization={IEEE}
}

@article{veblen1905theory,
  title={Theory on Plane Curves in Non-Metrical Analysis Situs},
  author={Veblen, Oswald},
  journal={Transactions of the American Mathematical Society},
  volume={6},
  number={1},
  pages={83--98},
  year={1905},
  publisher={JSTOR}
}

@article{fasy2018challenges,
  title={Challenges in Reconstructing Shapes from {E}uler Characteristic Curves},
  author={Fasy, Brittany Terese and Micka, Samuel and Millman, David L and
Schenfisch, Anna and Williams, Lucia},
  journal={arXiv preprint arXiv:1811.11337},
  year={2018}
}

@book{trefethen1997numerical,
  title={Numerical Linear Algebra},
  author={Trefethen, L.N. and Bau, D.},
  year={1997},
  publisher={Society for Industrial and Applied Mathematics}
}

@book{dutchbook3,
    author = {Berg, Mark de and Cheong, Otfried and Kreveld, Marc van and Overmars, Mark},
    title = {Computational Geometry: Algorithms and Applications},
    year = {2008},
    edition = {3rd ed.},
    publisher = {Springer-Verlag TELOS},
}

@article{bauer2012optimal,
  title={Optimal Topological Simplification of Discrete Functions on Surfaces},
  author={Bauer, Ulrich and Lange, Carsten and Wardetzky, Max},
  journal={Discrete and Computational Geometry},
  volume={47},
  number={2},
  pages={347--377},
  year={2012},
  publisher={Springer}
}

@article{vcomic2011dimension,
  title={Dimension-Independent Simplification and Refinement of {M}orse Complexes},
  author={{\v{C}}omi{\'c}, Lidija and De Floriani, Leila},
  journal={Graphical Models},
  volume={73},
  number={5},
  pages={261--285},
  year={2011},
  publisher={Elsevier}
}

@book{knudson2015morse,
  title={Morse Theory: Smooth and Discrete},
  author={Knudson, Kevin},
  year={2015},
  publisher={World Scientific Publishing Company}
}

@phdthesis{uli-phd,
  title={Persistence in Discrete Morse Theory},
  author={Bauer, Ulrich},
  year={2011},
  school={Nieders{\"a}chsische Staats-und Universit{\"a}tsbibliothek G{\"o}ttingen}
}

@article{edelsbrunner2003hierarchical,
  title={Hierarchical {M}orse-{S}male complexes for piecewise linear $2$-manifolds},
  author={Edelsbrunner, Herbert and Harer, John and Zomorodian, Afra},
  journal={Discrete and Computational Geometry},
  volume={30},
  number={1},
  pages={87--107},
  year={2003},
  publisher={Springer}
}

@article{raz2002complexity,
  title={On the Complexity of Matrix Product},
  author={Raz, Ran},
  journal={SIAM Journal on Computing},
  volume={32},
  pages={1356–1369},
  year={2003}
}

@article{us,
	title={If You Must Choose Among Your Children, Pick the Right One},
	author={Fasy, Brittany and Holmgren, Benjamin and McCoy, Bradley and Millman, David},
	journal={Canadian Conference on Computational Geometry},
	year={2020}
}

@book{roads,
	title={Map Construction Algorithms},
	author={Ahmed, M and Karagiorgou, S and Pfoser, D and Wenk, C},
	year={2015},
	publisher={Springer}
}

